@article{QREDN,
  author = "Quinnel, Richard A.",
  title = "Taking Control of Machine Vision",
  journal = "EDN",
  year = 2007,
  volume = 52,
  number = 4,
  pages = "51-53, 6",
  month = "February",
  annote = "Outlines modern advances in machine vision hardware and software, and how they effect usability in current systems.  Compares anolog and digital systems, and how their usability may change in the near future.  Also compares different software lighting and correction systems available on these technologies."
}

@article{HMDN,
  author = "Hoske, Mark",
  title = "Machine Vision Looks Beyond Inspection",
  journal = "Design News",
  year = 2005,
  volume = 60,
  number = 9,
  pages = "73-76",
  month = "June",
  annote = "Discusses current uses of machine vision systems and analyzes trends in usage.  Also analyzes demand for various types of machine vision systems, depending on their usability, quality, and interface."
}

@article{YECCE,
  author = "Yardley, Earl",
  title = "Next Generation Machine Vision: Coping Wich Changes in Light and Surface Quality",
  journal = "Computing \& Control Engineering",
  year = 2005,
  volume = 16,
  number = 6,
  pages = "26-29",
  month = "December",
  annote = "Analyzes past problems machine systems have had with light changes and how this has effected demand for these systems.  Also explains recent advances in these systems which help this problem, and how that may effect future demand.  Examples include neural networks to process light differential, and visual property classifiers."
}

@article{JMCE,
  author = "Montague, Jim",
  title = "Machine Vision Sensors, Systems Penetrate New Realms",
  journal = "Control Engineering",
  year = 2003,
  volume = 50,
  number = 4,
  pages = "59",
  month = "April",
  annote = "Shows current implementations of machine vision systems and new technologies these systems utilize to increase intelligence.  Shows a wide range of systems and outlines their costs and benefits."
}